@article{BradleyTerry,
  author =       "Ralph Allan, Bradley and Milton E., Terry",
  title =        "{Rank Analysis of Incomplete Block Designs}.",
  journal =      "Biometrika",
  volume =       "39",
  number =       "3/4",
  pages =        "324--345",
  year =         "1952",
  url =          "https://www.jstor.org/stable/2334029",
  DOI =          "10.2307/2334029",
  keywords =     "Statistik"
}
@article{RaoKupper,
  author =       "Rao, P. and Kupper, L.",
  title =        "{Ties in Paired-Comparison Experiments: A Generalization of the Bradley-Terry Model}.",
  journal =      "Journal of the American Statistical Association",
  volume =       "62",
  number =       "317",
  pages =        "194--204",
  year =         "1967",
  url =          "https://www.jstor.org/stable/2282923",
  keywords =     "Statistik"
}
@article{RobertTibshirani,
  author =       "Robert, Tibshirani",
  title =        "{Regression Shrinkage and Selection via the Lasso}.",
  journal =      "{Journal of the Royal Statistics Society}",
  series =       "B",
  volume =       "58",
  number =       "1",
  pages =        "267--288",
  year =         "1996",
  url =          "https://www.jstor.org/stable/2346178",
  keywords =     "Quadratic Programming; Regression; Shrinkage; Subset Selection"
}
@book{ESL,
  author =       "Trevor, Hastie and Robert, Tibshirani and Jerome, Friedman",
  title =        "{The Elements of Statistical Learning}.",
  isbn =         {9780387848570},
  series =       {Springer Series in Statistics},
  year =         {2009},
  publisher =    {Springer},
  DOI =          {10.1007/b94608},
  keywords =     {Statistik}
}
@book{LineSearch,
  author =       "Kevin P. Murphy",
  title =        "{Machine Learning A Probabilistic Perspective}.",
  isbn =         {9780262018029},
  series =       {Adaptive computation and machine learning series},
  year =         {2012},
  publisher =    {The MIT Press},
  url =          {https://mitpress.mit.edu/books/machine-learning-1},
  keywords =     {Machine Learning}
}
@book{Albert,
  author =       "Arthur, Albert",
  title =        "{Regression and the Moore-Penrose Pseudoinverse}.",
  isbn =         {9780080956039},
  series =       {Mathematics in Science and Engineering},
  year =         {1992},
  publisher =    {Academic Press},
  url =          {https://www.elsevier.com/books/regression-and-the-moore-penrose-pseudoinverse/albert/978-0-12-048450-8},
  keywords =     {Nonegative-Definiteness}
}
@online{Oddsportal,
    title = "Superliga 2014/2015 Results & Historical Odds",
    url  = "https://www.oddsportal.com/soccer/denmark/superliga-2014-2015/results/",
    addendum = "(besøgt: 10 maj 2020)",
    keywords = "Superliga, odds"
}
@online{Superstats,
    author = "Henrik Vinding",
    title = "Superligaen i tal",
    url  = "https://superstats.dk/",
    addendum = "(besøgt: 23 januar 2020)",
    keywords = "Superliga, data"
}
